@article{elkan2008log,
  title={Log-linear models and conditional random fields},
  author={Elkan, Charles},
  journal={Tutorial notes at CIKM},
  volume={8},
  pages={1--12},
  year={2008}
}
